<record><leader>00000cas a22000007a 4500</leader><controlfield tag="001">124095445</controlfield><controlfield tag="008">070510c19489999vauwr ne      0    0eng d</controlfield><datafield ind1=" " ind2=" " tag="010"><subfield code="a">sn2007060508</subfield></datafield><datafield ind1=" " ind2=" " tag="040"><subfield code="a">NVK</subfield><subfield code="b">eng</subfield><subfield code="c">NVK</subfield><subfield code="d">OCLCF</subfield><subfield code="d">OCLCO</subfield></datafield><datafield ind1="1" ind2=" " tag="029"><subfield code="a">AU@</subfield><subfield code="b">000041615104</subfield></datafield><datafield ind1=" " ind2=" " tag="042"><subfield code="a">msc</subfield></datafield><datafield ind1=" " ind2=" " tag="043"><subfield code="a">n-us-va</subfield></datafield><datafield ind1="0" ind2=" " tag="130"><subfield code="a">Virginia mountaineer (Grundy, Va.)</subfield></datafield><datafield ind1="0" ind2="0" tag="245"><subfield code="a">Virginia mountaineer.</subfield></datafield><datafield ind1=" " ind2=" " tag="260"><subfield code="a">Grundy, Va. :</subfield><subfield code="b">W.H. Waldron,</subfield><subfield code="c">1948-</subfield></datafield><datafield ind1=" " ind2=" " tag="310"><subfield code="a">Weekly</subfield></datafield><datafield ind1="0" ind2=" " tag="362"><subfield code="a">Vol. 26, no. 49 (Apr. 29, 1948)-</subfield></datafield><datafield ind1=" " ind2="0" tag="651"><subfield code="a">Grundy (Va.)</subfield><subfield code="v">Newspapers.</subfield></datafield><datafield ind1=" " ind2="7" tag="655"><subfield code="a">Newspapers.</subfield><subfield code="2">fast</subfield><subfield code="0">(OCoLC)fst01423814</subfield></datafield><datafield ind1=" " ind2="7" tag="651"><subfield code="a">Virginia</subfield><subfield code="z">Grundy.</subfield><subfield code="2">fast</subfield><subfield code="0">(OCoLC)fst01227159</subfield></datafield><datafield ind1=" " ind2=" " tag="752"><subfield code="a">United States</subfield><subfield code="b">Virginia</subfield><subfield code="c">Buchanan</subfield><subfield code="d">Grundy.</subfield></datafield><datafield ind1="0" ind2="0" tag="780"><subfield code="t">Star (Grundy, Va.)</subfield><subfield code="w">(DLC)sn2007060594</subfield></datafield></record>